<?xml version="1.0" encoding="UTF-8"?><collection><record><leader>05918ntm a2200601 a 4500</leader><controlfield tag="001">006813024</controlfield><controlfield tag="003">MiAaHDL</controlfield><controlfield tag="005">20190719000000.0</controlfield><controlfield tag="006">m        d        </controlfield><controlfield tag="007">cr bn ---auaua</controlfield><controlfield tag="008">090604s1585    ir            00| ||per d</controlfield><datafield tag="035" ind1=" " ind2=" "><subfield code="a">(MiU)006813024</subfield></datafield><datafield tag="035" ind1=" " ind2=" "><subfield code="a">sdr-miu006813024</subfield></datafield><datafield tag="040" ind1=" " ind2=" "><subfield code="a">MiU</subfield><subfield code="c">MiU</subfield><subfield code="e">amremm</subfield></datafield><datafield tag="043" ind1=" " ind2=" "><subfield code="a">n-us-mi</subfield></datafield><datafield tag="100" ind1="0" ind2=" "><subfield code="6">880-01</subfield><subfield code="a">Saʻdī.</subfield></datafield><datafield tag="240" ind1="1" ind2="0"><subfield code="6">880-02</subfield><subfield code="a">Būstān.</subfield><subfield code="k">Selections</subfield></datafield><datafield tag="245" ind1="1" ind2="0"><subfield code="6">880-03</subfield><subfield code="a">Būstān,</subfield><subfield code="f">[993, i.e. 1585].</subfield></datafield><datafield tag="260" ind1=" " ind2=" "><subfield code="a">[Zarah,</subfield><subfield code="c">1585].</subfield></datafield><datafield tag="300" ind1=" " ind2=" "><subfield code="a">21 leaves :</subfield><subfield code="b">paper ;</subfield><subfield code="c">285 x 195 (155 x 85) mm.</subfield></datafield><datafield tag="500" ind1=" " ind2=" "><subfield code="a">Shelfmark: Ann Arbor, University of Michigan, Special Collections Library, Isl. Ms. 300</subfield></datafield><datafield tag="500" ind1=" " ind2=" "><subfield code="a">Origin: As appears in colophon, copied by Muḥammad al-Kātib al-Nūr with transcription completed in Rabīʻ I 993 [March 1585] in the village of Zarah [Zirih ?] in Bākharz.</subfield></datafield><datafield tag="500" ind1=" " ind2=" "><subfield code="a">Former shelfmark: "536 T. De M. [i.e. Tammaro De Marinis]" in pencil on verso of front flyleaf.</subfield></datafield><datafield tag="500" ind1=" " ind2=" "><subfield code="a">Binding: Pasteboards faced in spring green silk with red leather over spine and edges / turn-ins (silk faced, leather edged framed binding) ; Type III binding (without flap) ; doublures and hinges in marbled paper (in dark blue and white) ; upper and lower covers carry gold-tooled guilloché borders defined by gold rules ; sewn in pink thread, four stations ; overall in fairly good condition with minor abrasion, etc.</subfield></datafield><datafield tag="500" ind1=" " ind2=" "><subfield code="a">Support: Written area on non-European (likely Persian) laid paper set into border of tinted paper and mounted in frame of tinted (or marbled) paper of varying shades (dark blue, yellow, dark greek, pale pink, etc.), hinged together with contrasting tinted and gold-painted guards ; frames with 8 laid lines per cm. (horizontal or vertical, quite distinct) and occasional chain lines visible (possibly grouped), quite well-burnished ; flyleaves in European laid paper with 7 laid lines per cm. (horizontal), chain lines spaced 27 mm. apart (vertical) and crown watermark (front) and with 12 laid lines per cm. (horizontal), chain lines spaced 20 mm. apart (vertical), and three hats watermark (back).</subfield></datafield><datafield tag="500" ind1=" " ind2=" "><subfield code="a">Decoration: Elegant illuminated headpiece (ʻunwān / sarlawḥ) at opening consisting of rectangular piece with gold cartouche carrying the title in red "بوستان" surrounded by delicate swirling floral vegetal designs in gold, white, and red on a field of lapis lazuli with gold accents, surrounded by bands of white (with black crosses), gold and turquoise and surmounted by a much narrower rectangular piece with black cartouches filled with delicate swirling vegetal design in gold, white and red and set off by orange, turquoise and gold accents, itself surmounted by a band of gold and black interlace and flanked by bands of white (with black crosses) and turquoise ; headings rubricated ; written area gold-flecked and surrounded by a frame consisting of a colored width of the paper (surface-dyed in shades varying by page) flanked by narrow bands of gold, turquoise, red, gold, blue and black, divisions within defined by narrow gold bands outlined in black fillets ; marginal decoration in grand floral vegetal motifs in gold.</subfield></datafield><datafield tag="500" ind1=" " ind2=" "><subfield code="a">Script: Nastaʻlīq ; exquisite hand in a delicate line ; serifless with effect of inclination to the right, words descending to baseline, elongation of horizontal strokes, pointing mainly in distinct dots.</subfield></datafield><datafield tag="500" ind1=" " ind2=" "><subfield code="a">Layout: Written in 12 lines per page, mainly divided to two columns. ; frame-ruled.</subfield></datafield><datafield tag="500" ind1=" " ind2=" "><subfield code="a">Collation: i, 3 (3), 3 III(21), i ; catchwords present.</subfield></datafield><datafield tag="500" ind1=" " ind2=" "><subfield code="a">Colophon: "Scribal," triangular, reads "تحريرا فى شهر ربيع الاول سنه ٩٩٣ كتبه العبد المذنب محمد الكاتب النور غفر ذنوبه وستر عيوبه بولايت باخرز در قريۀ رزه صورت تحرير يافت"</subfield></datafield><datafield tag="500" ind1=" " ind2=" "><subfield code="a">Explicit: "بضاعت نیاوردم الا امید خدایا ز عفوم مکن [نا] امید""</subfield></datafield><datafield tag="500" ind1=" " ind2=" "><subfield code="a">Incipit: "بنام خداوند جان آفرین حکیم سخن در زبان آفرین ..."</subfield></datafield><datafield tag="500" ind1=" " ind2=" "><subfield code="a">Title from inscription on 'title page' and illuminated headpiece at opening.</subfield></datafield><datafield tag="500" ind1=" " ind2=" "><subfield code="a">Ms. codex.</subfield></datafield><datafield tag="510" ind1="4" ind2=" "><subfield code="a">Rypka,</subfield><subfield code="c">p. 251-253</subfield></datafield><datafield tag="510" ind1="4" ind2=" "><subfield code="a">Browne,</subfield><subfield code="c">v. ii, p.525-532</subfield></datafield><datafield tag="510" ind1="4" ind2=" "><subfield code="a">Cat. Pers. MSS Brit. Mus.,</subfield><subfield code="c">p.595 ff.</subfield></datafield><datafield tag="520" ind1="8" ind2=" "><subfield code="a">Exquisite copy of selections from the Būstān, the celebrated mas̲navī of Saʻdī (d.1292), renowned Persian poet and prose writer. Contributions to the cataloguing from Ali Rafi.</subfield></datafield><datafield tag="538" ind1=" " ind2=" "><subfield code="a">Mode of access: Internet.</subfield></datafield><datafield tag="541" ind1=" " ind2=" "><subfield code="c">Purchase ;</subfield><subfield code="a">Acquired by purchase (funds donated by Horace Rackham).</subfield><subfield code="d">1924.</subfield></datafield><datafield tag="546" ind1=" " ind2=" "><subfield code="a">Persian.</subfield></datafield><datafield tag="561" ind1=" " ind2=" "><subfield code="a">Kabīkaj invocation ("يا كبيكج يا كبيكج") on recto of front flyleaf ; inscription in pencil on verso of front flyleaf "536 T. De M. [i.e. Tammaro De Marinis]" ; former owners' marks on 'title page' include partially effaced ownership statement in name of one Ibrāhīm (ابراهيم) dated 1203 [1788 or 9] and effaced oval seal impression accompanied by title and description "بوستان با خط خرزى ١٢ سطر" ; otherwise clean copy.</subfield></datafield><datafield tag="650" ind1=" " ind2="0"><subfield code="a">Manuscripts, Persian</subfield><subfield code="z">Michigan</subfield><subfield code="z">Ann Arbor.</subfield></datafield><datafield tag="650" ind1=" " ind2="0"><subfield code="a">Masnavis, Persian</subfield><subfield code="v">Early works to 1800.</subfield></datafield><datafield tag="650" ind1=" " ind2="0"><subfield code="a">Persian poetry</subfield><subfield code="y">747-1500.</subfield></datafield><datafield tag="655" ind1=" " ind2="7"><subfield code="a">Headpieces (layout features)</subfield><subfield code="y">16th century.</subfield><subfield code="2">aat</subfield></datafield><datafield tag="700" ind1="0" ind2=" "><subfield code="a">Abdülhamid</subfield><subfield code="b">II,</subfield><subfield code="c">Sultan of the Turks,</subfield><subfield code="d">1842-1918,</subfield><subfield code="e">former owner.</subfield></datafield><datafield tag="700" ind1="0" ind2=" "><subfield code="6">880-05</subfield><subfield code="a">Muḥammad al-Kātib al-Nūr,</subfield><subfield code="d">fl. 1585,</subfield><subfield code="e">scribe.</subfield></datafield><datafield tag="773" ind1="0" ind2=" "><subfield code="a">Abdul Hamid Collection.</subfield></datafield><datafield tag="880" ind1="0" ind2=" "><subfield code="6">700-05/</subfield><subfield code="a">محمد الكاتب النور,</subfield><subfield code="e">ناسخ.</subfield></datafield><datafield tag="880" ind1="1" ind2="0"><subfield code="6">245-03/</subfield><subfield code="a">بوستان,</subfield><subfield code="f">[993ه, 1585م].</subfield></datafield><datafield tag="880" ind1="1" ind2="0"><subfield code="6">240-02/</subfield><subfield code="a">بوستان.</subfield><subfield code="k">منتخبات</subfield></datafield><datafield tag="880" ind1="0" ind2=" "><subfield code="6">100-01/</subfield><subfield code="a">سعدى.</subfield></datafield><datafield tag="CID" ind1=" " ind2=" "><subfield code="a">006813024</subfield></datafield><datafield tag="DAT" ind1="0" ind2=" "><subfield code="a">20190719102638.0</subfield><subfield code="b">20190719000000.0</subfield></datafield><datafield tag="DAT" ind1="1" ind2=" "><subfield code="a">20190719090653.0</subfield><subfield code="b">2019-07-19T16:11:48Z</subfield></datafield><datafield tag="DAT" ind1="2" ind2=" "><subfield code="a">2015-10-02T18:00:03Z</subfield></datafield><datafield tag="CAT" ind1=" " ind2=" "><subfield code="a">SDR-MIU</subfield><subfield code="d">EX LIBRIS - ALEPH</subfield><subfield code="l">prepare.pl-004-008</subfield></datafield><datafield tag="FMT" ind1=" " ind2=" "><subfield code="a">BK</subfield></datafield><datafield tag="HOL" ind1=" " ind2=" "><subfield code="0">sdr-miu006813024</subfield><subfield code="a">MiU</subfield><subfield code="b">SDR</subfield><subfield code="c">MIU</subfield><subfield code="p">mdp.39015079128180</subfield><subfield code="s">MIU</subfield><subfield code="1">006813024</subfield></datafield><datafield tag="974" ind1=" " ind2=" "><subfield code="b">MIU</subfield><subfield code="c">MIU</subfield><subfield code="d">20190719</subfield><subfield code="s">lit-dlps-dc</subfield><subfield code="u">mdp.39015079128180</subfield><subfield code="y">1585</subfield><subfield code="r">pd</subfield><subfield code="q">bib</subfield><subfield code="t">non-US bib date1 &lt; 1896</subfield></datafield></record></collection>